1654 2799
112 1253 1359 81 Les Jeux olympiques de 1896, également nommés Jeux de la

118 1318 1503 73 première olympiade, en grec, sont organisés en 1896 à Athènes

119 1359 1458 93 en Grèce. Ce sont les premiers Jeux olympiques de l'ère

110 1425 1484 92 moderne organisés par le Comité international olympique. Ils

110 1474 1505 112 se déroulent du 6 au 15 avril 1896, neuf jours de compétition

110 1536 1400 107 pendant lesquels 241 sportifs s'affrontent dans neuf sports

102 1593 1531 111 différents pour un total de 122 médailles. C'est à l'issue

90 1637 1419 147 d'un congrès organisé en 1894 à Paris par le Français

90 1691 1403 142 Pierre de Coubertin qu'est créé le Comité international

90 1747 1400 158 olympique (CIO) et que la capitale grecque est désignée

96 1841 1183 130 première ville hôte de l'événement olympique.
