1654 2799
116 1282 1534 66 Ievgueni Vladimirovitch Malkine – forme de la transcription du russe en

116 1337 1443 67 français de son patronyme original en alphabet cyrillique russe : et

110 1388 1542 69 également appelé en anglais : Evgeni Malkin – est un joueur professionn

102 1444 1548 69 russe de hockey sur glace qui joue principalement à la position centre

104 1492 1493 76 mais a déjà évolué en tant qu'ailier. Il rejoint l'Amérique du

93 1548 1523 78 Nord et la Ligue nationale de hockey pour la saison 2006-2007

99 1592 1551 101 après avoir été repêché à la seconde position en 2004 par les Penguin

98 1643 1538 104 de Pittsburgh. Avec eux, il remporte la Coupe Stanley en 2008-2009

90 1705 1528 97 en étant sacré meilleur pointeur de la saison et meilleur joueur

84 1763 1490 110 des séries éliminatoires. Il remporte également deux nouvelles Coupes

88 1824 563 96 Stanley en 2016 et 2017
