1653 2339
74.0 1452.0 1442.0 105.0 George Sand, nom de plume d'Amantine Aurore Lucile Dupin de

46.0 1514.0 1591.0 111.0 Francueil, par mariage baronne Dudevant, est une romancière, dramaturge,

23.0 1567.0 1600.0 128.0 épistolière, critique littéraire et journaliste française, née à Paris le 1er

38.0 1629.0 1542.0 125.0 juillet 1804 et morte au château de Nohant-Vic le 8 juin 1876. Elle

54.0 1684.0 1536.0 120.0 compte parmi les écrivains les plus prolifiques, avec plus de 70

29.0 1736.0 1592.0 111.0 romans à son actif et 50 volumes d'œuvres diverses dont des nouvelles,

29.0 1791.0 1559.0 99.0 des contes, des pièces de théâtre et des textes politiques. À l'image

42.0 1851.0 1505.0 92.0 de son arrière-grand-mère, Louise Dupin, qu'elle admire,

37.0 1890.0 1592.0 117.0 George Sand prend la défense des femmes, prône la passion, fustige

33.0 1947.0 1575.0 99.0 le mariage et lutte contre les préjugés d'une société conservatrice.

44.0 2001.0 1529.0 90.0 George Sand a fait scandale par sa vie amoureuse agitée, par sa

48.0 2046.0 1564.0 94.0 tenue vestimentaire masculine, dont elle a lancé la mode, par son

48.0 2093.0 1513.0 90.0 pseudonyme masculin, qu'elle adopte dès 1829, et dont elle

42.0 2142.0 1583.0 91.0 lance aussi la mode : après elle, Marie d'Agoult signe ses écrits

54.0 2196.0 1558.0 86.0 « Daniel Stern », Delphine de Girardin prend, en 1843, le nom de

134.0 2262.0 979.0 69.0 plume de « vicomte Charles de Launay ».
