1653 2339
19.0 1502.0 1548.0 57.0 Le pétrole (en latin petroteum >)< du grec peter, "roche", et du latin oleum, "huile"), dit

29.0 1557.0 1586.0 47.0 aussi naphate dans l'antiquité, est une huile minérale d'origine naturelle composée d'une

31.0 1611.0 1510.0 39.0 multitude de composées organiques, essentiellement des hydrocarbures, piégés dans des

35.0 1647.0 1434.0 50.0 formations géologiques particulières. Le pétrole dans son gisement est fréquemment

35.0 1691.0 1573.0 57.0 associé à des fractions légères qui se séparent spontanément du liquide à la pression

33.0 1734.0 1553.0 51.0 atmosphérique, ainsi que diverses impuretées comme le dioxyde de carbone, le sulfure

33.0 1779.0 1575.0 61.0 d'hydrogène, l'eau de formation et des traces métalliques. L'exploitation de cette source

33.0 1826.0 1501.0 60.0 d'énergie fossile et d'hydrocarbures est l'un des piliers de l'économie industrielle

33.0 1884.0 1549.0 57.0 contemporaine, car le pétrole fournit la quasi-totalité des carburants liquides-fioul,

42.0 1939.0 1550.0 76.0 gazole, kérosène, essence, GPL- tandis que la naphte produit par le raffinage est à la

40.0 1999.0 1453.0 76.0 base de la patrochimie, dont sont issues un très grand nombre de matériaux

42.0 2071.0 1554.0 75.0 usuels - plastiques, textiles synthétiques, caoutchoucs synthétiques (élastomères), détergents,

42.0 2144.0 1548.0 83.0 adhésifs, engrais, cosmétiques, etc.- et que les fractions les plus lourdes conduisent

46.0 2208.0 741.0 78.0 aux bitumes, paraffines et lubrifiants
