1653 2339
15.0 1415.0 1589.0 113.0 La comission Nye ou "Nye Committee" (1934-1936), en anglais,

7.0 1506.0 1624.0 88.0 ou encore Special Committee on Investigation of the Munition Industry

5.0 1586.0 1476.0 84.0 (Comité spécial d'enquête sur l'industrie des munitions), est une

5.0 1666.0 1642.0 84.0 comission d'enquête du Sénat américain sur l'implication des banques et

5.0 1740.0 1618.0 80.0 des industries d'armement dans l'engagement des Etats-Unis dans la Première

3.0 1808.0 1624.0 90.0 Guerre mondiale, dans la fourniture aux alliés et sur les profits qui en sont

0.0 1882.0 1641.0 88.0 résultés. Elle était présidée par les sénateurs américains Gerald Nye (Républicain-

9.0 1949.0 1606.0 85.0 Dakota du Nord). Cette commission a joué un rôle important de soutien public

1.0 2013.0 1605.0 99.0 et politique à la neutralité américaine dans les premiers stages de la Seconde

7.0 2087.0 1566.0 113.0 Guerre mondiale, et peut même, à la limite, être considérée comme un des

19.0 2181.0 828.0 101.0 facteurs de l'échec français de 1940.
