1653 2339
25.0 1380.0 1520.0 103.0 Merlin l'Enchanteur (The Sword in the Stone) est le 22e long-métrage d'animation et le 18e

27.0 1428.0 1575.0 115.0 "Classique d'animation" des Studios Disney. Sorti en 1963, il est adapté du livre de Terence

31.0 1479.0 1522.0 132.0 Hanbury White, L'Épée dans la pierre (1938) et s'inspire librement du magicien Merlin, célèbre

48.0 1537.0 1569.0 141.0 personnage de la légende arthurienne. Le film reprend des thèmes habituels de Disney, le monde

31.0 1588.0 1563.0 146.0 médiéval et la magie, mais pour des nombreux auteurs cette adaptation d'une légende ne possède

31.0 1631.0 1610.0 170.0 pas les qualités d'un "classique de Disney". La génèse du film doit essentiellement à l'obstination

11.0 1689.0 1603.0 186.0 d'un homme, le scénariste Bill Peet, qui développe seul la majeure partie de la trame du film,

15.0 1828.0 480.0 101.0 histoire et personnages compris.
