1653 2339
33.0 1387.0 1487.0 100.0 La corde lisse, également connue sous le nom de système d'extraction et d'insert° rapide par corde

38.0 1454.0 1468.0 101.0 (ou Fast Rope Insertion Extraction System. FRIES), est une technique de descente d'une

52.0 1512.0 1466.0 111.0 corde lisse et épaisse. Elle est utilisée pour déployer des troupes à partir d'un

56.0 1580.0 1495.0 102.0 hélicoptère dans des endroits où l'hélicoptère lui-même ne peut pas se poser. Le

72.0 1652.0 1549.0 96.0 cordage rapide est particulièrement utile pour les marines, qui >peut< peuvent utiliser

72.0 1726.0 1432.0 76.0 la technque pour embarquer sur des navires en mer ainsi que pour

85.0 1781.0 1406.0 94.0 atteindre des destinat° sur terre. Cette technique est plus rapide que

72.0 1863.0 1471.0 86.0 la descente en rappel, bien plus dangereuse surtout si la personne

72.0 1931.0 1425.0 101.0 porte une lourde charge, car elle n'est pas sécuriée à la corde avec

89.0 2003.0 330.0 80.0 un descendeur.
