1653 2339
70.0 1411.0 1573.0 76.0 Jules Elby est un homme politique français né le 25 novembre 1857

46.0 1465.0 1579.0 72.0 à Gonnelieu (Nord) et décédé le 12 juillet 1933 à Lamalou-

50.0 1526.0 1587.0 74.0 les-Bains (Hérault). Entré à 18 ans comme simple employé

56.0 1584.0 1559.0 70.0 aux approvisionnements de la compagnie des mines de Bruay,

58.0 1637.0 1587.0 82.0 il en gravi tous les échelons et termine sa carrière comme

62.0 1699.0 1585.0 88.0 directeur général en 1899 puis comme président du conseil

56.0 1758.0 1483.0 83.0 d'administration en 1924, après avoir épousé la fille du

58.0 1816.0 1565.0 84.0 directeur Alfred Leroy, sénateur du Pas-de-Calais. Maire de

68.0 1884.0 1547.0 84.0 Bruay-en-Artois en 1899, conseiller général du canton de

74.0 1960.0 1516.0 84.0 Houdain en 1901, il est sénateur du Pas-de-Calais de

70.0 2031.0 1522.0 85.0 1923 à 1933, inscrit au groupe de l'Union républicaine.

77.0 2107.0 1540.0 81.0 Il est le père d'Henri Elby, sénateur du Pas-de-Calais.
