1653 2339
64 1473 1548 82 La fête de la musique a lieu à travers le monde le 21 juin (date

87 1545 1390 88 qui coïncide le plus souvent avec le premier jour de l'été dans

66 1611 1444 84 l'hémisphère nord), principalement le soir et la nuit jusqu'au

66 1678 1503 72 lendemain matin. Elle est actuellement célébrée dans une centaine

62 1752 1501 64 de pays. Divers festivals de musique locaux qui de découlaient

58 1812 1544 86 ce jour de solstice participent aujourdhui à cette fête popoulaire.

64 1888 1501 84 Elle est parfois connue aussi sous le nom de Wold Music Day

25 1964 1477 88 (Journée mondiale de la musique) bien que le nom français soit

48 2046 1552 76 aussi souvent utilisé dans certains pays anglophones (en même temps)

44 2114 1532 69 que Make Music!, traduction littérale de « Faites de la musique !») ou

56 2181 1536 83 germanophones ou bien sous des noms traduits littéralement comme

107 2251 1353 84 Fiesta de la Musica (espagnol), Festa della Musica (italien).
