1654 2799
138 1273 1498 75 Poséidon (en grec ancien - / Poseidôn, en crétois, en béotien - / Poteidáōn,

143 1345 1314 68 en latin Neptūnus) est le dieu de la mer et des océans, ainsi que

146 1399 1389 70 l'« ébranleur du sol » — dieu des tremblements de terre et des

133 1467 1408 81 sources dans la religion grecque antique. Il joue un rôle important

112 1520 1459 112 dans la mythologie grecque. Il est l’un des fils de Cronos et de

113 1607 1447 92 Rhéa, notamment le frère de Zeus, d'Héra et d'Hadès, il se marie

119 1663 1488 106 à Amphitrite mais semble >néam< néanmoins avoir eu d'autres conquêtes.

116 1763 1474 84 Son symbole principale est le trident, qu'il reçoit des Cyclopes pendant

112 1848 1426 80 la Titanomachie, il est aussi symbolisé par le dauphin, et surtout

112 1918 718 75 le cheval mais encore le taureau.
