1653 2339
27 1381 1544 94 Elvis Presley est un chanteur et acteur américain né le 8 janvier

33 1461 1495 102 1935 à Tupelo, dans le Mississippi, et mort le 16 Août 1977 à

27 1563 1542 101 Memphis, dans le Tennessee. Surnomémé The King of Rock and Roll

9 1656 1556 121 (« Le Roi du Rock and Roll ») ou plus simplement «The King / Le King »

11 1756 1587 97 de par son immense succès international et pour son rôle dans l'expansion

3 1840 1603 111 de ce style musical à l'échelle mondiale, il est l'une des icônes culturelles

3 1933 1570 107 majeures du XXe siècle. Presley commence sa carrière musicale en

0 2023 1561 105 1954 chez Sun Records, la maison de disques du producteur Sam

1 2110 1556 102 Phillips. Accompagné du guitariste Scotty Moore et du bassiste

7 2198 1376 119 Bill Black, rejoints l'année suivante par le batteur D.
