1653 2339
85 1378 1429 97 New York (prononcé en anglais : [...]), officiellement nommée

85 1457 1441 96 city of New York, connue également sous les noms et abréviations

76 1539 1354 90 de New York City ou NYC (pour éviter la confusion avec

64 1608 1405 109 l'État de New York), et dont le surnom le plus connu

66 1676 1555 144 est The Big Appel (« La grosse pomme »), est la plus grande

42 1742 1410 146 ville des États-Unis en nombre d'habitants et l'une des plus

33 1822 1458 160 importantes du continent américain et du monde. Elle se situe

38 1904 1548 181 dans le Nord-Est du pays, sur la côte atlantique, à l'extrémité

38 1984 1576 165 sud-est de l'État de New York. La ville de New York se compose

38 2050 1519 170 de cinq arrondissements appelés boroughs : Manhattan, Brooklyn,

27 2120 1520 178 Queens, le Bronx et Staten Island. Ses habitants s'appellent les

33 2202 1050 133 New-Yorkais (en anglais : New Yorkers)
