1653 2339
40 1339 1535 83 La Polynésie française (en tahitien : Pōrīnetia farāni) est une collectivité

35 1432 1477 80 d'outre-mer (plus spécifiquement pays d'outre-mer ou POM) au

27 1496 1549 104 sein de la République française (code 987), composée de cinq archipels

25 1574 1551 115 >< >< >< >< regroupant 118 îles dont 76 >< sont habitées :

31 1648 1522 137 l'archipel de la Société avec les îles du Vent et les îles Sous-le-Vent,

29 1730 1542 133 l'archipel des Tuamotu, l'archipel des Gambier, l'archipel des Australes et

29 1799 1590 159 les îles Marquises. Les Polynésiens la désignent par le terme "le fenua",

25 1869 1553 175 mot signifiant "le pays" en tahitien. Elle est située dans le sud de l'Océan

31 1953 1567 167 Pacifique, à environ 6000 kilomètres à l'est de l'Australie. Elle inclut

23 2048 996 131 aussi les vastes espaces maritimes adjacents
