1653 2339
31 1387 1571 90 Scorpions est un groupe allemand de hard rock originaire de

27 1448 1573 101 Hanovre. Leur premier album voit le jour en 1972. Le groupe

19 1524 1628 84 connaît un prestige planétaire - surtout à patir des années 1980 -

15 1584 1595 92 grâce à des titres hard rock tels que No One like You en 1982 ou

21 1660 1628 80 Rock You Like a Hurricaine en 1984 et des ballades à l'instar

9 1732 1620 86 de Still Loving You (1984) ou Wind of Change (1990) et Send

17 1806 1522 88 Me An Angel en 1990 (des chansons à grand succès

19 1878 1577 78 commercial. Le déclin médiatique venu à partir des

9 1956 1601 96 années 1990, les protagonistes se sont tournés vers de

29 2023 1622 95 nouvelles experiences, avec notamment l'album Moment

15 2089 1636 107 of Glory avec l'orcheste philharmonique de Berlin), Accou

13 2179 1634 80 tica (album live acoustique) mais reviennent à leurs recettes

42 2249 1443 84 traditionnelles en 2010 avec l'album Sting in the Tail.
