1653 2339
109 1366 1469 111 Le championnat de Tunisie de football, aussi appelé LP1, Ligue 1

116 1434 1466 113 ou Ligue Pro 1 et championnat national tunisien entre 1956 et

107 1504 1366 139 1954 est le championnat de football de première division

120 1567 1462 159 organisé par la Fédération tunisienne de football en Tunisie.

89 1648 1411 160 La première édition a lieu sous le protectorat français

93 1707 1446 162 de Tunisie sous les auspices de l'Union des sociétés

173 1777 1339 162 française de Sports athlétiques ; elle est jouée dans un

68 1843 1495 178 système à élimination directe, et le premier match officiel

44 1898 1478 185 dans l'histoire du tournoi est joué le 9 juin 1907. À

54 1976 1456 177 cette époque, des équipes tunisiennes dominées par les Français

76 2032 1516 186 y participent, dont le Racing Club de Tunis, le Sporting Club de

3 2103 1462 177 Tunis, l'Italia de Tunis, la Savoia de la Goulette, l'Union

202 2185 1256 148 sportive tunisienne, le Stade gaulois et bien d'autres.
