1653 2339
33 1383 1473 78 Catherine Dorléac, dite Catherine Deneuve, est une actrice française née

40 1450 1515 80 le 22 octobre 1943 à Paris. Considérée comme l'une des plus grandes actrices

42 1498 1396 76 françaises de la seconde moitié du XXe siècle, elle est l'égérie de

46 1549 1441 80 reaisateurs comme Jacques Demy, François Truffaut ou André Téchiné. Elle

52 1611 1464 67 compte dans sa filmographie plusieurs autres grands noms de l'histoire du

54 1654 1472 76 cinéma, comme Luis Buñuel, Roman Polanski, Mauro Bolognini, Robert Aldrich,

62 1721 1468 66 Marco Ferreri, Dino Risi, Tony Scott, Manuel de Oliveira, Raoul Ruiz, HiroKazu

60 1763 1532 88 Kore-eda ou encore Lars von Trier. Au cours de sa carrière, elle a interprété

60 1814 1456 82 de nombreux rôle marquants en explorant différents genres, passant de

72 1873 1407 83 la comédie au drame, du film historique au film musical ou encore du

72 1955 440 66 thriller au fantastique.
