1653 2339
19 1438 1614 82 Les Oscars du cinéma (Academy Awards) sont des récompenses ciné-

17 1518 1554 84 matographiques américaines décernées chaque année depuis 1929 à

5 1578 1622 104 Los Angeles et destinées à saluer l'excellence des productions américaines

15 1639 1585 105 et internationales du cinéma. L'attribution de ces distinctions dans les

19 1715 1610 89 domaines choisis pour représenter les métiers de la création ciné-

17 1797 1632 105 matographique (réalisation, interprétation, scénario, technique) est organisée,

31 1877 1579 93 gérée et dirigée par l'association professionnelle Academy of Motion

38 1947 1611 103 Picture Arts and Sciences (Académie des Arts et des sciences du ><

29 2023 1573 93 cinéma). Les récompenses sont décernées aux films et aux personnes

27 2103 1452 87 qui interviennent ou contribuent, aux yeux de l'Académie, les

5 2183 1640 85 meilleures réalisations, ouvrages et travaux artistiques de l'année écoulée.

50 2251 1587 82 Si cette compétition est ouverte aux films du monde entier à partir
