1653 2339
66 1424 1475 90 Charles Spencer Chaplin, dit Charlie Chaplin né le 16 Avril 1889,

64 1506 1355 74 probablement à Londres (Royaume-Uni) et mort le 25 decembre 1977 à

48 1584 1476 82 Corsier-sur-Vevey (Suisse), est un acteur, realisateur, scenarite, producteur et

48 1648 1454 92 compositeur britannique. Devenu une idole du cinema muet à partir du

42 1707 1433 99 milieu des années 1910, et plus particulièrement du burlesque, grâce à son

48 1781 1275 88 personnage de Charlot (désigné simplement comme « the tramp »

50 1840 1491 103 le vagabond, des les versions originales), il acquiert ensuite une notoriété et une

48 1904 1369 113 reconnaissance plus large pour ses performance d'acteur comme pour ses

46 1978 1564 103 realisations. Durant une carrière longue de 65 ans, il joue dans plus de 80 films.

46 2054 1378 107 Sa vie publique et privée, ainsi que ses prises de position, font par ailleurs

38 2112 858 106 l'objet d'adulations comme de controverse.
