1653 2339
44 1385 1531 61 La Grèce antique est une civilisation de l'Antiquité des peuples

37 1440 1421 74 de langue et de culture grecque développée en Grèce et

29 1510 1553 66 dans la partie occidentale de l'Asie mineure, puis, à la suite de

40 1571 1538 72 plusieurs phases d'expansion, dans d'autres régions du bassin

31 1627 1565 72 méditerranéen (Chypre, Sicile, Italie du sud, Égypte, Cyrénaïque)

35 1684 1465 79 et du Proche-Orient (Syrie, Palestine), constituant des points

33 1758 1528 76 d'implantation jusqu'en Espagne à l'Ouest et en Afghanistan

35 1832 1465 74 (Bactriane) à l'est. Cette civilisation de culture grecque se

44 1900 1486 62 développe durant la dernière partie des « siècles obscurs »

42 1968 1414 63 à partir des décombres de la civilisation mycénienne,

52 2029 1443 83 et prend forme en particulier durant l'époque archaïque

54 2095 452 93 (v. 800-480 av. J
