4938 6992
112 4261 4313 202 L'équipe du Portugal de football (en portugais: Seleção portuguesa de

143 4439 4239 210 futebol) est la sélection de joueurs portugais représentant le pays lors des

143 4614 4491 171 compétitions internationales de football masculin, sous l'égide de la Fédération

174 4785 4196 171 portugaise de football. Créee en 1921, la sélection portugaise connaît son

163 4925 4697 206 premier fait de gloire lors de la Coupe du monde en 1966, au cours de laquelle

167 5088 4607 175 elle élimine notament le Brésil, double tenant de title, et n'est éliminée

194 5255 4561 218 qu'en demi-finale par le pays-hôte et futur vainqueur, l'Angleterre. Elle

167 5414 4530 245 compte alors dans ses rangs, Eusébio, vainqueur du Ballon d'or 1965

157 5587 4635 222 et meilleur buteur de tournoi, considérée comme l'un des meilleurs

202 5795 4576 183 footballeurs de l'histoire. Après une longue période de résultats

205 5997 4468 167 décevants, le Portugal dispose depuis le début des années 2000

209 6182 4309 192 d'une des meilleures séléctions en Europe, autour de Luís Figo

215 6362 4303 193 puis Cristiano Ronaldo, tous les deux l'autéats du Ballon d'or.
