4938 6992
69 4455 4659 210 Jean-Pierre Papin, né le 5 novembre 1963 à Boulogne-sur-Mer, est un footballeur

46 4649 4449 202 international français évoluant au poste d'attaquant devenu consultant et

38 4836 4659 194 entraîneur. Considéré comme étant l'un des meilleurs avant-centres français, il

34 5022 4733 187 remporte le Ballon d'or 1994, fait partie de la FIFA 100, une liste des plus

73 5197 4476 194 grands footballeurs vivants, publiée en 2004 pour le centenaire de la

69 5391 4317 198 Fédération internationale de football association (FIFA), signée par Pelé,

23 5589 4716 214 considéré comme le meilleur joueur de football du XX^e siècle et est nommé

42 5776 4721 206 parmi les meilleurs footballeurs européens à l'occasion du cinquantième

3 5989 4740 163 anniversaire de l'Union des associations européennes de football (UEFA) en

11 6129 4909 222 2004. Célèbre notamment grâce à ses frappes de loin en première intention,

0 6286 4908 263 ses retournés acrobatiques et ses reprises de volée qui sont restées célèbres

27 6541 4666 206 sous le nom de papinade, il gagne au fil des saisons en France le

17 6718 4705 262 surnom de JPP, attribué par les supporters et les journalistes. Formé à l'U.
