4938 6992
97 4354 4790 252 Paul de Tarse au Saint-Paul, portant aussi le nom juif de Saul, né au début du 1^er siecle

101 4564 4732 217 probablement à Tarse en Cilicie et mort vers 67 à Rome, est une personnalité du

120 4754 4647 276 christianisme primitif. Juif et citoyen romain de naissance, il persécute les disciples

132 4944 4642 288 de Jésus de Nazareth avant de se revendiquer apôtre de ce dernier, bien qu'il

135 5158 4651 280 n'appartienne pas au cercle des Douze. Paul de Tarse devient dès lors l'une des

122 5325 4611 361 figures majeures de la diffusion du christianisme en-dehors des cercles juifs et

145 5512 4518 361 judéo-chrétiens ainsi que dans certaines des premières communautés chrétiennes

132 5741 4483 342 en Asie mineure, en Grèce et à Rome, contrairement à la voie de Jésus

128 5914 4530 390 qui rejetait Samaritains et Pharisiens, évitait les Saducéens et n'enseignait

139 6123 4659 391 qu'aux "brebis perdues du peuple d'Israël". La tradition chrétienne le surnomme

151 6362 4204 373 pour cette raison l'"Apôtre des Gentils" c'est-à-dire des non-juifs, ou encore

145 6689 1271 256 "l'Apôtre des Nations".
