4938 6992
69 4230 4355 221 Colibri est un nom général du vocabulaire français qui ne

52 4416 4623 192 correspond pas exactement à un niveau de classification scientifique des

52 4579 4582 198 oiseaux-mouches. C'est-à-dire qu'il s'agit d'un nom vernaculaire dont

46 4737 4687 250 le sens est ambigu>< en biologie car utilisé seulement pour désigner une partie

52 4911 4623 257 des différentes espèces d'oiseaux classées dans la famille des Trochilidés. Ce

46 5045 4239 356 nom désigne en effet, selon le cas, soit un genre zoologique (Colibri) qui

23 5302 4471 291 regroupe seulement quatre espèce parmi ces oiseaux. Le même mot est

46 5512 4303 308 également à la base de plusieurs noms normalisés créés pour la

69 5756 4589 297 nomenclature scientifique en français ainsi que des noms vulgaires

23 5966 3090 262 que les spécialistes ont utilisés autrefois.
