4938 6992
89 4253 4736 206 Star Wars ([stɑɹ wɔɹz]), en français La Guerre des étoiles, est un univers

23 4436 4821 190 de science-fiction créé par le réalisateur, scénariste et producteur américain

52 4573 4646 268 George Lucas. D'abord conçu comme une trilogie cinématographique sortie

46 4766 4876 295 entre 1977 et 1983, l'univers s'accroît ensuite de trois nouveaux films

66 5010 4860 214 entre 1999 et 2005 qui racontent des événements antérieurs à la première

73 5216 4787 264 trilogie. Cette dernière (épisodes IV, V et VI) ainsi que la deuxième trilogie

34 5480 4872 268 dite «Prélogie» (épisodes I, II et III) connaissent un immense succès

38 5675 4841 283 commercial et un accueil critique généralement positif. Dans un souci

11 5935 4794 291 de cohérence, et pour atteindre un résultat visuel qu'il n'avait pas pu

31 6149 4821 271 obtenir au départ, le créateur de la saga retravaille également les films

7 6436 4538 233 de le trilogie originale, ressorties en 1997 et 2004 dans de nouvelles

81 6704 525 105 versions
