4938 6992
1096 4573 3311 216 Michel-Ange, de son vrai nom Michelangelo di

52 4725 4594 227 Lodovico Buonarroti Simoni (simplement Michelangelo Buonarroti,

40 4894 4501 227 en italien), né le 6 mars 1475 à Caprese (République de Florence) et

52 5069 4769 221 mort le 18 février 1564 à Rome (États pontificaux), est un sculpteur,

69 5232 4787 250 peintre, architecte, poète et urbaniste florentin de la Haute Renaissan-

52 5436 4577 180 ce. Ses œuvres les plus connues sont universellement considérées

34 5587 4629 257 comme des chefs-d'œuvre de la Renaissance: David (1504), lequel a

40 5745 4711 291 longtemps orné la façade du Palazzo Vecchio de Florence avant d'être

64 5949 4640 244 transféré dans l'Académie des Beaux-Arts de la ville ; La Pietà

122 6147 4489 233 (1499), exposée dans une chapelle latérale de la basilique Saint-

81 6339 4775 216 Pierre-aux-Liens de Rome ; Le plafond de la chapelle Sixtine - peint

64 6520 4722 227 entre 1508 et 1512 ; Le Jugement dernier - influencé par la fresque de

58 6706 4792 221 Melozzo da Forlì Ascensione di Cristo - exécuté entre 1536 et 1541 sur
