4938 6992
46 4078 4647 253 Le backet-ball ou basketball, fréquemment désigné en Français par son

38 4296 4511 213 abréviation basket, est un sport collectif de balle opposant deux

46 4478 4662 280 équipes de cinq joueurs sur un terrain rectangulaire. L'objectif de

11 4690 4787 309 chaque équipe est de faire passer un ballon au sein d'un arceau

104 4900 4594 326 de 45cm de diamètre, fixé à un panneau et placé à 3,05m

93 5154 4755 334 de sol: le panier. Chaque panier inscrit rapporte deux points

104 5407 4629 326 à son équipe, à l'exception des tirs effectués au-delà de la

93 5710 4489 297 ligne des trois points (qui rapportent trois points) et des

134 5972 4617 274 lancers francs accordés à la suite d'une faute (qui rapportent

116 6246 4798 285 un point). L'équipe avec le nombre de points le plus important

145 6525 1376 251 remporte la partie
