4938 6992
1096 4573 3259 216 Michel-Ange, de son vrai nom Michelangelo di

81 4725 4518 227 Lodovico Buonarroti Simoni (simplement Michelangelo Buonarroti,

73 4902 4422 209 en italien), né le 6 mars 1475 à Caprese (République de Florence) et

85 5080 4685 210 mort le 18 février 1564 à Rome (États pontificaux), est un sculpteur,

101 5244 4708 229 peintre, architecte, poète et urbaniste florentin de la Haute Renaissan-

89 5445 4491 171 ce. Ses œuvres les plus connues sont universellement considérées

69 5605 4546 229 comme des chefs-d'œuvre de la Renaissance: David (1504), lequel a

73 5756 4628 272 longtemps orné la façade du Palazzo Vecchio de Florence avant d'être

97 5962 4557 222 transféré dans l'Académie des Beaux-Arts de la ville ; La Pietà

128 6152 4433 218 (1499), exposée dans une chapelle latérale de la basilique Saint-

85 6347 4720 209 Pierre-aux-Liens de Rome ; Le plafond de la chapelle Sixtine - peint

73 6537 4666 214 entre 1508 et 1512 ; Le Jugement dernier - influencé par la fresque de

58 6706 4745 227 Melozzo da Forlì Ascensione di Cristo - exécuté entre 1536 et 1541 sur
