4938 6992
0 4148 4634 181 Xaalys est une  fintech française dédiée aux adolescents de 12 à 17 ans créée

0 4276 4629 216 en avril 2017 et qui a démarré la commercialisation de son offre le 15 avril

7 4447 4495 198 2019. La société a obtenu un agrément d'agent prestataire de service de

3 4568 4721 237 paiement délivré par l'ACPR (Autorité de contrôle prudentiel et de résolution)

7 4746 4340 237 le 25 janvier 2019. Xaalys travaille en partenarait avec l'institut pour

7 4890 4627 280 l'éducation financière du public (Finance pour tous) et le groupe MasterCard.

5 5092 4868 274 La société met a disposition des enfants une carte MasterCard à autorisation

3 5294 4534 225 systématique fonctionnant dans le monde entier, un compte de paiement

3 5469 4328 264 (associés à un RIB) ainsi que des fonctionnalités pour gérer son argent
