1653 2339
17 1356 1581 98 Victor-Emmanuel III (en italien Vittorio Emanuele II, Victtorio Emanuele

9 1424 1452 131 Ferdinando Maria Gemnaro di Savoia), né le 11 novembre 1869

7 1498 1610 135 à Naples (Italie) est mort à Alexandrie (Egypthe) le 28 décembre 1947,

9 1592 1523 107 est roi d'Italie entre le 29 juillet 1900 et le 9 mai 1946. Il

9 1662 1532 146 est également empereur d'Ethiopie entre 2 mai 1936 et le 5 mai

9 1754 1550 134 1941 premier maréchal d'Empire à partir du 4 avril 1938 et roi

11 1826 1573 160 d'Abanie entre le 16 avril 1939 et 3 septembre 1943. Il abdique le

21 1923 1538 168 9 mai 1946 et est remplacé par son fils Humbert II peu avant

25 2058 1347 160 la proclamation de la République. Il est le fils d'Humbert

146 2198 608 115 et de Marguerite de Savoie
