1653 2339
66 1450 1355 68 Le tennis est un sport de raquette qui oppose soit deux joueurs (on parle alors

76 1520 1311 72 de jeu en simple) soit quatre joueurs qui forment deux équipes de deux (on

74 1586 1269 84 parle alors de jeu en double). Les joueurs utilisent une raquette cordée

76 1662 1370 70 verticalement et horizontalement (en tamis) à une tension variant avec la

70 1752 1417 74 puissance ou l'effet que l'on peut obtenir. Cette raquette, dont les matériaux

68 1834 1341 70 peuvent varier, sert à frapper une balle en caoutchouc, remplie d'air et

64 1917 1370 76 recouverte de feutre. Le but du jeu est de frapper la balle de telle sorte

72 2001 1341 74 que l'adversaire ne puisse la remettre dans les limites du terrain, soit

68 2097 1356 74 en marquant le point en mettant l'adversaire hors de portée de la balle,

66 2171 1448 84 soit en l'obligeant à commettre une faute (si sa balle ne retombe pas dans les

66 2266 922 57 limites du court, ou si elle ne passe pas le filet)
