1653 2339
15 1344 1581 112 Victor-Emmanuel III (en italien Vittorio Emanuele II, Victtorio Emanuele

7 1426 1453 121 Ferdinando Maria Gemnaro di Savoia), né le 11 novembre 1869

7 1498 1610 135 à Naples (Italie) est mort à Alexandrie (Egypthe) le 28 décembre 1947,

7 1592 1523 111 est roi d'Italie entre le 29 juillet 1900 et le 9 mai 1946. Il

9 1664 1530 142 est également empereur d'Ethiopie entre 2 mai 1936 et le 5 mai

7 1752 1550 140 1941 premier maréchal d'Empire à partir du 4 avril 1938 et roi

9 1826 1573 160 d'Abanie entre le 16 avril 1939 et 3 septembre 1943. Il abdique le

21 1923 1538 168 9 mai 1946 et est remplacé par son fils Humbert II peu avant

25 2058 1347 160 la proclamation de la République. Il est le fils d'Humbert

11 2198 741 111 et de Marguerite de Savoie
