1653 2339
17 1200 1546 88 La coopérative d'habitation ou coopérative d'habitants est une société

13 1265 1575 91 coopérative ou une société coopérative et participative (dans le cas d'un

21 1325 1409 95 habitat participatif) visant à offrir à ses membres les meilleures

13 1393 1565 78 conditions possibles de logement au moindre coût. Cette «troisième voie

5 1456 1607 81 du logement», entre location et propriété, entre marché privé et parc public, est

9 1510 1597 90 très développée dans certains pays, notamment en Suisse et au Canada (au

9 1580 1614 82 Québec particulièrement). Du fait du principe d'adhésion libre et volontaire,

23 1637 1577 88 ainsi que du processus de cooptation (être membre est un privilège et non

23 1689 1594 92 un droit), on peut dire que la coopérative d'habitation est une des formes de

25 1760 1551 83 communauté intentionnelle, bien que l'intensité de la vie collective varie

25 1824 1573 86 beaucoup d'une coopérative à l'autre en fonction de l'engagement des

29 1896 1206 78 individus et de leur formation à la vie coopérative.
