1653 2339
115 1366 1471 117 Michael Jackson, né le 19 aoüt 1958 à Gary (Indiana)

13 1442 1567 127 et mort le 25 juin 2009 à Los Angeles (Californie) est un

23 1524 1489 121 auteur-compositeur-interprète, danseur-chorégraphe et acteur

37 1594 1458 127 américain. Reconnu comme l'artiste le plus titré de tous les

23 1670 1530 131 temps, il est une figure principale de l'histoire de l'industrie

7 1738 1550 140 et du spectacle et l'une des icônes culturelles majeures du XXe

9 1814 1606 135 siècle. Septième d'un famille de neuf enfants, il chante avec

3 1900 1414 113 ses frères dès l'âge de six ans et commence une carrière

13 1968 1597 139 professionnelle à onze ans au sein des Jackson Five, groupe formé

3 2064 1505 126 avec ses frères aïnés. Tout en restant membre du groupe

1 2157 1342 123 (jusqu'en 1984), il entame en 1971 une carrière solo
