1653 2339
5 1381 1554 73 Wonder Woman est une super-héroïne dessinée américaine créée par William Moulton Martson (sous le

7 1457 1527 80 peudonyme de Charles Moulton), qui apparaît pourla première fois en octobre 1941 dans

1 1516 1507 66 All Star Comics #8. Elle est, à cette époque, l'une des première super-héroïnes et

5 1569 1527 62 demeure la plus célèbre d'entre elles. Dans la plupart des adaptations, Wonder Woman est la

1 1625 1501 68 princesse Diana d'une tribu d'Amazones dont les origines sont liées à la mythologie

9 1676 1542 76 grecque. Ambassadrice amazone dans notre monde, elle possède différents pouvoirs surnaturels

1 1732 1474 84 ainsi que des cadeaux des dieux grecs, comme un lasso magique (qui détecte la

3 1791 1423 78 vérité et provoque une sensation de brûlure en cas de mensonge) et des bracelets à

3 1849 353 82 l'épreuve des balles.
